<?xml version="1.0" encoding="UTF-8"?><collection xmlns="http://www.loc.gov/MARC21/slim"><record><leader>00403nam--2200157-i-4500</leader><controlfield tag="001">000034589</controlfield><controlfield tag="002">20161230</controlfield><controlfield tag="005">20161230201040</controlfield><controlfield tag="008">060222s1000------------r-----000-0-eng-d</controlfield><datafield ind1=" " ind2=" " tag="100"><subfield code="a">Nicolescu, Lilly Jeanne; Stoka, Marius I</subfield></datafield><datafield ind1=" " ind2=" " tag="245"><subfield code="a">Matematica pentru ingineri</subfield></datafield><datafield ind1=" " ind2=" " tag="260"><subfield code="a">Bucuresti, Editura Tehnica, 1969</subfield></datafield><datafield ind1=" " ind2=" " tag="300"><subfield code="a">432 p</subfield></datafield><datafield ind1=" " ind2=" " tag="490"><subfield code="v">vol. I</subfield></datafield><datafield ind1=" " ind2=" " tag="852"><subfield code="a">30463</subfield></datafield><datafield ind1=" " ind2=" " tag="CAT"><subfield code="a">Sys</subfield><subfield code="c">20080408</subfield><subfield code="h">132200</subfield></datafield></record></collection>